@inproceedings{bir2007aeroelastic,
  title={Aeroelastic instabilities of large offshore and onshore wind turbines},
  author={Bir, Gunjit and Jonkman, Jason},
  booktitle={The Science of Making Torque from Wind},
  number={1},
  pages={012069},
  year={2007},
  organization={Copenhagen}
}



@article{turbines200512,
	title={IEC 61400-12-1: Power Performance Measurements of Electricity Producing Wind Turbines},
	author={},
	journal={British Standard},
	year={2022}
}

@article{al2024new,
	title={A new method for estimating the annual energy production of wind turbines in hot environments},
	author={Al-Khayat, Mohammad and Majed, AL-Rasheedi},
	journal={Renewable and Sustainable Energy Reviews},
	volume={195},
	pages={114343},
	year={2024},
	publisher={Elsevier}
}

@techreport{zahle2024definition,
	title={Definition of the IEA Wind 22-Megawatt offshore reference wind turbine},
	author={Zahle, Frederik and Barlas, Thanasis and Lonbaek, Kenneth and Bortolotti, Pietro and Zalkind, Daniel and Wang, Lu and Labuschagne, Casper and Sethuraman, Latha and Barter, Garrett},
	year={2024},
	institution={National Renewable Energy Laboratory (NREL), Golden, CO (United States)}
}

@inproceedings{rinker2020comparison,
	title={Comparison of loads from HAWC2 and OpenFAST for the IEA Wind 15 MW Reference Wind Turbine},
	author={Rinker, Jennifer and Gaertner, Evan and Zahle, Frederik and Skrzypi{\'n}ski, Witold and Abbas, Nikhar and Bredmose, Henrik and Barter, Garrett and Dykes, Katherine},
	booktitle={The Science of Making Torque from Wind},
	pages={052052},
	year={2020},
	organization={Delft}
}

@article{lobitz2004aeroelastic,
  title={Aeroelastic stability predictions for a MW-sized blade},
  author={Lobitz, Don W},
  journal={Wind Energy},
  volume={7},
  number={3},
  pages={211--224},
  year={2004},
  publisher={Wiley Online Library}
}

@inproceedings{branlard2022dynamic,
	title={Dynamic inflow and unsteady aerodynamics models for modal and stability analyses in OpenFAST},
	author={Branlard, E and Jonkman, B and Pirrung, GR and Dixon, K and Jonkman, J},
	booktitle={The Science of Making Torque from Wind},
	number={3},
	pages={032044},
	year={2022},
	organization={Delft}
}

@article{petot1989differential,
	title={Differential equation modeling of dynamic stall},
	author={Petot, Didier},
	journal={La Recherche Aerospatiale(English Edition)},
	number={5},
	pages={59--72},
	year={1989}
}

@mastersthesis{pereira2010validating,
	author       = {Pereira, R},
	title        = {Validating the Beddoes-Leishman dynamic stall model in the horizontal axis wind turbine environment},
	school       = {University of Lisbon},
	year         = {2010},
	address      = {Lisbon}, 
	type         = {Master's Thesis}
}


@article{pirrung2017trailed,
	title={Trailed vorticity modeling for aeroelastic wind turbine simulations in standstill},
	author={Pirrung, Georg R and Madsen, Helge A and Schreck, Scott},
	journal={Wind Energy Science},
	volume={2},
	number={2},
	pages={521--532},
	year={2017},
	publisher={Copernicus GmbH}
}
@article{thomsen2000method,
  title={A method for determination of damping for edgewise blade vibrations},
  author={Thomsen, K and Petersen, J Thirstrup and Nim, E and {\O}ye, Stig and Petersen, B},
  journal={Wind Energy},
  volume={3},
  number={4},
  pages={233--246},
  year={2000},
  publisher={Wiley Online Library}
}

@techreport{thirstrup1998prediction,
	title={Prediction of dynamic loads and induced vibrations in stall},
	author={Petersen, J Thirstrup and Madsen, Helge Aagaard and Bj{\"o}rck, Anders and Enevoldsen, Peder and {\O}ye, Stig and Ganander, Hans and Winkelaar, Danny},
	year={1998},
	institution={Risø National Laboratory, Copenhagen, Denmark},

}

@inproceedings{larsen2007method,
	title={A method to avoid negative damped low frequent tower vibrations for a floating, pitch controlled wind turbine},
	author={Larsen, Torben J and Hanson, Tor D},
	booktitle={The Science of Making Torque from Wind},
	pages={012073},
	year={2007},
	organization={Copenhagen}
}

@techreport{bak2013description,
	title={Description of the DTU 10 MW reference wind turbine},
	author={Bak, C and Zahle, F and Bitsche, R and Kim, T and Yde, A and Henriksen, LC and Natarajan, A and Hansen, MH},
	year={2013},
	institution={DTU Wind Energy, Copenhagen, Denmark},
	type={Technical Report}
}

@techreport{yu2017public,
	title={Public definition of the two LIFES50+ 10MW floater concepts},
	author={Yu, W and M{\"u}ller, K and Lemmer, F and Bredmose, H and Borg, M and Sanchez, G and Landbo, T},
	year={2017},
	institution={LIFES50+ deliverable}
	type={Technical Report}
}


@techreport{allen2020definition,
	title={Definition of the UMaine VolturnUS-S reference platform developed for the IEA wind 15-Megawatt offshore reference wind turbine},
	author={Allen, Christopher and Viscelli, Anthony and Dagher, Habib and Goupee, Andrew and Gaertner, Evan and Abbas, Nikhar and Hall, Matthew and Barter, Garrett},
	year={2020},
	institution={National Renewable Energy Laboratory(NREL), Golden, CO (United States)}
	type={Technical Report}
}

@techreport{hall2015moordyn,
	title={MoorDyn user’s guide},
	author={Hall, Matthew},
	year={2015},
	institution={Department of Mechanical Engineering, University of Maine: Orono, ME(United States)},
	type={Technical Report}
}


@techreport{robertson2014offshore,
	title={Offshore code comparison collaboration, continuation: Phase II results of a floating semisubmersible wind system},
	author={Robertson, Amy and Jonkman, Jason and Musial, Walter and Vorpahl, Fabian and Popko, Wojciech},
	year={2014},
	institution={National Renewable Energy Laboratory(NREL), Golden, CO (United States)}
}

@techreport{robertson2014definition,
	title={Definition of the semisubmersible floating system for phase II of OC4},
	author={Robertson, Amy and Jonkman, Jason and Masciola, Marco and Song, Huimin and Goupee, Andrew and Coulling, Alexander and Luan, C},
	year={2014},
	institution={National Renewable Energy Laboratory(NREL), Golden, CO (United States)}
}

@techreport{jonkman2010definition,
  title={Definition of the floating system for Phase IV of OC3},
  author={Jonkman, Jason},
  year={2010},
  institution={National Renewable Energy Laboratory(NREL), Golden, CO (United States)}
}


@article{chen2022stall,
  title={Stall-induced vibrations analysis and mitigation of a wind turbine rotor at idling state: Theory and experiment},
  author={Chen, Chuan and Zhou, Jingwei and Li, Fengming and Zhai, Endi},
  journal={Renewable Energy},
  volume={187},
  pages={710--727},
  year={2022},
  publisher={Elsevier}
}


@article{hansen2004aeroelastic,
  title={Aeroelastic stability analysis of wind turbines using an eigenvalue approach},
  author={Hansen, MH},
  journal={Wind Energy},
  volume={7},
  number={2},
  pages={133--143},
  year={2004},
  publisher={Wiley Online Library}
}

@article{hansen2003improved,
  title={Improved modal dynamics of wind turbines to avoid stall-induced vibrations},
  author={Hansen, Morten H},
  journal={Wind Energy},
  volume={6},
  number={2},
  pages={179--195},
  year={2003},
  publisher={Wiley Online Library}
}

@article{chaviaropoulos2001flap,
  title={Flap/lead--lag aeroelastic stability of wind turbine blades},
  author={Chaviaropoulos, PK},
  journal={Wind Energy},
  volume={4},
  number={4},
  pages={183--200},
  year={2001},
  publisher={Wiley Online Library}
}

@article{zhang2020tuned,
	title={Tuned mass-damper-inerter (TMDI) for suppressing edgewise vibrations of wind turbine blades},
	author={Zhang, Zi Li and Fitzgerald, Breiffni},
	journal={Engineering Structures},
	volume={221},
	pages={110928},
	year={2020},
	publisher={Elsevier}
}

@article{capuzzi2014novel1,
	title={A novel adaptive blade concept for large-scale wind turbines. Part I: Aeroelastic behaviour},
	author={Capuzzi, M and Pirrera, A and Weaver, PM},
	journal={Energy},
	volume={73},
	pages={15--24},
	year={2014},
	publisher={Elsevier}
}

@article{capuzzi2014novel2,
	title={A novel adaptive blade concept for large-scale wind turbines. Part II: Structural design and power performance},
	author={Capuzzi, M and Pirrera, A and Weaver, PM},
	journal={Energy},
	volume={73},
	pages={25--32},
	year={2014},
	publisher={Elsevier}
}

@phdthesis{bei2018phd,
	title={大型风力机气动阻尼识别与叶片抑颤研究},
	author={陈孛},
	year={2018},
	school={湖南大学},
	address={长沙},
	lang={zh}
}

@phdthesis{ren2024phd,
	title={海上漂浮式风机动力学一体化建模方法及抗船撞性能研究},
	author={任永礼},
	year={2024},
	school={湖南大学},
	address={长沙},
	lang={zh}
}

@article{larwood2016flutter,
	title={Flutter of variations on a 5 MW swept wind turbine blade},
	author={Larwood, Scott},
	journal={Journal of Solar Energy Engineering},
	volume={138},
	number={2},
	pages={024504},
	year={2016},
	publisher={American Society of Mechanical Engineers}
}

@article{yang2020development,
	title={Development and application of an aero-hydro-servo-elastic coupling framework for analysis of floating offshore wind turbines},
	author={Yang, Yang and Bashir, Musa and Michailides, Constantine and Li, Chun and Wang, Jin},
	journal={Renewable Energy},
	volume={161},
	pages={606--625},
	year={2020},
	publisher={Elsevier}
}


@article{li2015damping,
	title={A damping blade for wind turbine and its flutter suppressing analysis},
	author={Li, Zhanlong and Sun, Dagang and Guo, Jin and Yan, Bijuan and Zhang, Xin},
	journal={Recent Patents on Mechanical Engineering},
	volume={8},
	number={2},
	pages={132--139},
	year={2015},
	publisher={Bentham Science Publishers direct}
}

@article{sun2017flutter,
	title={Flutter stability analysis of a perforated damping blade for large wind turbines},
	author={Sun, Da-Gang and Guo, Jin-Jun and Song, Yong and Yan, Bi-juan and Li, Zhan-Long and Zhang, Hong-Ning},
	journal={Journal of Sandwich Structures \& Materials},
	volume={21},
	number={3},
	pages={973--989},
	year={2017},
	publisher={SAGE Publications Sage UK: London, England}
}

@article{song1987flutter,
	title={风机叶片的防颤设计与试验分析},
	author={宋兆泓 and 孔瑞莲 and 魏星禄等},
	journal={航空动力学报},
	number={4},
	pages={328--331},
	year={1987}
}

@inproceedings{politakis2008suppression,
	title={Suppression of classical flutter using a 'smart blade'},
	author={Politakis, Gregory and Haans, Wouter and Bussel, Gerard},
	booktitle={46th AIAA Aerospace Sciences Meeting and Exhibit},
	pages={1301},
	year={2008},
	organization={Reno}
}

@article{abbas2023aero,
	title={Aero-servo-elastic co-optimization of large wind turbine blades with distributed aerodynamic control devices},
	author={Abbas, Nikhar J and Bortolotti, Pietro and Kelley, Christopher and Paquette, Joshua and Pao, Lucy and Johnson, Nick},
	journal={Wind Energy},
	volume={26},
	number={8},
	pages={763--785},
	year={2023},
	publisher={Wiley Online Library}
}

@inproceedings{shen2004swashplateless,
	title={Swashplateless helicopter rotor system with active trailing-edge flaps for primary and vibration controls},
	author={Shen, Jin Wei and Yang, Mao and Chopra, Inderjit},
	booktitle={45th AIAA/ASME/ASCE/AHS/ASC Structures, Structural Dynamics \& Materials Conference},
	year={2004},
	organization={Palm Springs}
}

@article{ng2016aerodynamic,
	title={Aerodynamic load control in horizontal axis wind turbines with combined aeroelastic tailoring and trailing-edge flaps},
	author={Ng, Bing Feng and Palacios, Rafael and Kerrigan, Eric C and Graham, J Michael R and Hesse, Henrik},
	journal={Wind Energy},
	volume={19},
	number={2},
	pages={243--263},
	year={2016},
	publisher={Wiley Online Library}
}



@article{fitzgerald2014cable,
	title={Cable connected active tuned mass dampers for control of in-plane vibrations of wind turbine blades},
	author={Fitzgerald, Breiffni and Basu, B},
	journal={Journal of Sound and Vibration},
	volume={333},
	number={23},
	pages={5980--6004},
	year={2014},
	publisher={Elsevier}
}

@article{chen2022optimal,
	title={Optimal calibration of a tuned liquid column damper (TLCD) for rotating wind turbine blades},
	author={Chen, Bei and Zhang, Zi Li and Hua, Xu Gang and Basu, Biswajit},
	journal={Journal of Sound and Vibration},
	volume={521},
	pages={116565},
	year={2022},
	publisher={Elsevier}
}

@article{zhang2015tuned,
	title={Tuned liquid column dampers for mitigation of edgewise vibrations in rotating wind turbine blades},
	author={Zhang, Zi Li and Basu, Biswajit and Nielsen, S{\o}ren RK},
	journal={Structural Control and Health Monitoring},
	volume={22},
	number={3},
	pages={500--517},
	year={2015},
	publisher={Wiley Online Library}
}

@article{zhang2020optimal,
	title={Optimal tuning of the tuned mass damper (TMD) for rotating wind turbine blades},
	author={Zhang, Zi Li},
	journal={Engineering Structures},
	volume={207},
	pages={110209},
	year={2020},
	publisher={Elsevier}
}

@article{fitzgerald2018improved,
	title={Improved reliability of wind turbine towers with active tuned mass dampers (ATMDs)},
	author={Fitzgerald, Breiffni and Sarkar, Saptarshi and Staino, Andrea},
	journal={Journal of Sound and Vibration},
	volume={419},
	pages={103--122},
	year={2018},
	publisher={Elsevier}
}

@book{hansen2015aerodynamics,
  title={Aerodynamics of wind turbines},
  author={Hansen, Martin},
  year={2008},
  publisher={London: Earthscan}
}


@inproceedings{jonkman2018full,
  title={Full-system linearization for floating offshore wind turbines in OpenFAST},
  author={Jonkman, Jason M and Wright, Alan D and Hayman, Greg J and Robertson, Amy N},
  booktitle={International Conference on Offshore Mechanics and Arctic Engineering},
  pages={V001T01A028},
  year={2018},
  organization={Madrid}
}

@inproceedings{jonkman2016fast,
  title={FAST modularization framework for wind turbine simulation: full-system linearization},
  author={Jonkman, Jason M and Jonkman, Bonnie J},
  booktitle={The Science of Making Torque from Wind},
  number={8},
  pages={082010},
  year={2016},
  organization={München}
}

@article{wang2017aeroelastic,
  title={Aeroelastic stability of idling wind turbines},
  author={Wang, Kai and Riziotis, Vasilis A and Voutsinas, Spyros G},
  journal={Wind Energy Science},
  volume={2},
  number={2},
  pages={415--437},
  year={2017},
  publisher={Copernicus GmbH}
}

@inproceedings{bir2008multi,
  title={Multi-blade coordinate transformation and its application to wind turbine analysis},
  author={Bir, Gunjit},
  booktitle={46th AIAA aerospace sciences meeting and exhibit},
  pages={1300},
  year={2008},
  organization={Reno}
}


@article{chaviaropoulos2006enhancing,
  title={Enhancing the damping of wind turbine rotor blades, the DAMPBLADE project},
  author={Chaviaropoulos, PK and Politis, ES and Lekou, DJ and S{\o}rensen, Niels N and Hansen, MH and Bulder, BH and Winkelaar, D and Lindenburg, C and Saravanos, DA and Philippidis, TP and others},
  journal={Wind Energy},
  volume={9},
  number={1-2},
  pages={163--177},
  year={2006},
  publisher={Wiley Online Library}
}

@article{jacobsen2021influence,
	title={Influence of wakes and atmospheric stability on the floater responses of the Hywind Scotland wind turbines},
	author={Jacobsen, Arnhild and Godvik, Marte},
	journal={Wind Energy},
	volume={24},
	number={2},
	pages={149--161},
	year={2021},
	publisher={Wiley Online Library}
}
@article{skaare2015analysis,
	title={Analysis of measurements and simulations from the Hywind Demo floating wind turbine},
	author={Skaare, Bj{\o}rn and Nielsen, Finn Gunnar and Hanson, Tor David and Yttervik, Rune and Havm{\o}ller, Ole and Rekdal, Arne},
	journal={Wind Energy},
	volume={18},
	number={6},
	pages={1105--1122},
	year={2015},
	publisher={Wiley Online Library}
}

@article{macaskill2013offshore,
	title={Offshore wind—An overview},
	author={MacAskill, Allan and Mitchell, Paul},
	journal={Wiley Interdisciplinary Reviews: Energy and Environment},
	volume={2},
	number={4},
	pages={374--383},
	year={2013},
	publisher={Wiley Online Library}
}

@article{barthelmie1994vindeby,
	title={The Vindeby project: A description},
	author={Barthelmie, Rebecca Jane and Courtney, Michael and H{\o}jstrup, J{\o}rgen and Sanderhoff, Peter},
	year={1994},
	publisher={Ris{\o} National Laboratory}
}



@article{chen2017identification,
  title={Identification of aerodynamic damping in wind turbines using time-frequency analysis},
  author={Chen, Bei and Zhang, Zi Li and Hua, Xu Gang and Basu, Biswajit and Nielsen, S{\o}ren RK},
  journal={Mechanical Systems and Signal Processing},
  volume={91},
  pages={198--214},
  year={2017},
  publisher={Elsevier}
}

@article{chen2020modelling,
  title={Modelling wind turbine tower-rotor interaction through an aerodynamic damping matrix},
  author={Chen, Chao and Duffour, Philippe and Fromme, Paul},
  journal={Journal of Sound and Vibration},
  volume={489},
  pages={115667},
  year={2020},
  publisher={Elsevier}
}







@article{jonkman2009dynamics,
  title={Dynamics of offshore floating wind turbines—model development and verification},
  author={Jonkman, Jason M},
  journal={Wind Energy},
  volume={12},
  number={5},
  pages={459--492},
  year={2009},
  publisher={Wiley Online Library}
}

@article{blusseau2012gyroscopic,
  title={Gyroscopic effects on a large vertical axis wind turbine mounted on a floating structure},
  author={Blusseau, Pierre and Patel, Minoo H},
  journal={Renewable Energy},
  volume={46},
  pages={31--42},
  year={2012},
  publisher={Elsevier}
}

@book{craig2006fundamentals,
  title={Fundamentals of structural dynamics},
  author={Craig Jr, Roy R and Kurdila, Andrew J},
  year={2006},
  publisher={Hoboken: John Wiley \& Sons}
}

@book{bathe2006finite,
  title={Finite Element Procedures},
  author={Bathe, K.J.},
  isbn={9780979004902},
  url={https://books.google.nl/books?id=rWvefGICfO8C},
  year={2006},
  publisher={Hoboken: Prentice Hall}
}

@article{morison1950force,
	title={The force exerted by surface waves on piles},
	author={Morison, John R and Johnson, Joseph W and Schaaf, Samuel A},
	journal={Journal of Petroleum Technology},
	volume={2},
	number={05},
	pages={149--154},
	year={1950},
	publisher={SPE}
}

@inproceedings{wendt2015verification,
	title={Verification of new floating capabilities in FAST v8},
	author={Wendt, Fabian F and Robertson, Amy and Jonkman, Jason M and Hayman, Gregory},
	booktitle={33rd Wind Energy Symposium},
	pages={1204},
	year={2015},
	organization={Kissimmee}
}

@book{deleanu2012theoretical,
  title={Theoretical Mechanics, Theory and Applications},
  author={Deleanu, Dumitru},
  year={2012},
  publisher={Constanta: Nautica Publishing House}
}




@article{karimirad2011hydroelastic,
	title={Hydroelastic code-to-code comparison for a tension leg spar-type floating wind turbine},
	author={Karimirad, Madjid and Meissonnier, Quentin and Gao, Zhen and Moan, Torgeir},
	journal={Marine Structures},
	volume={24},
	number={4},
	pages={412--435},
	year={2011},
	publisher={Elsevier}
}



@inproceedings{allemang1982correlation,
	title={A correlation coefficient for modal vector analysis},
	author={Allemang, Randall J},
	booktitle={The 1st International Modal Analysis Conference},
	pages={110--116},
	year={1982},
	organization={Orlando}
}

@article{hoeg2021influence,
	title={The influence of gyroscopic effects on dynamic responses of floating offshore wind turbines in idling and operational conditions},
	author={H{\o}eg, Christian Elkj{\ae}r and Zhang, Zi Li},
	journal={Ocean Engineering},
	volume={227},
	pages={108712},
	year={2021},
	publisher={Elsevier}
}

@article{christiansen2013damping,
	title={Damping wind and wave loads on a floating wind turbine},
	author={Christiansen, S{\o}ren and Bak, Thomas and Knudsen, Torben},
	journal={Energies},
	volume={6},
	number={8},
	pages={4097--4116},
	year={2013},
	publisher={MDPI}
}


@book{pecher2017handbook,
	title={Handbook of ocean wave energy},
	author={Pecher, Arthur and Kofoed, Jens Peter},
	year={2017},
	publisher={Cham: Springer Nature}
}

@inproceedings{cummins1962impulse,
	title={The impulse response function and ship motions},
	author={Cummins, W E},
	booktitle={Symposium on Ship Theory at the Institut flir Schiffbau der Universitit Hamburg},
	number={1},
	pages={1-11},
	year={1962},
	organization={Hamburg}
}

@article{cummins1962impulse,
	title={The impulse response function and ship motions (No. DTMB-1661)},
	author={Cummins, WE},
	journal={David Taylor Model Basin Washington DC},
	year={1962}
}

@article{armesto2015comparative,
	title={Comparative analysis of the methods to compute the radiation term in Cummins'equation},
	author={Armesto, Jos{\'e} A and Guanche, Ra{\'u}l and Jesus, Fernando del and Iturrioz, Arantza and Losada, I{\~n}igo J},
	journal={Journal of Ocean Engineering and Marine Energy},
	volume={1},
	number={4},
	pages={377--393},
	year={2015},
	publisher={Springer}
}

@article{otter2022review,
  title={A review of modelling techniques for floating offshore wind turbines},
  author={Otter, Aldert and Murphy, Jimmy and Pakrashi, Vikram and Robertson, Amy and Desmond, Cian},
  journal={Wind Energy},
  volume={25},
  number={5},
  pages={831--857},
  year={2022},
  publisher={Wiley Online Library}
}

@techreport{laino2002user,
    author ={Laino, David J and Hansen, A Craig} ,
    title = {User's guide to the wind turbine aerodynamics computer
 software AeroDyn},
    institution = {National Renewable Energy Laboratory(NREL), Golden, CO (United States)},
    year ={2002} 
}

@techreport{mccroskey1981phenomenon,
  title={The phenomenon of dynamic stall},
  author={McCroskey, William J},
  year={1981},
  institution={NASA Ames Research Center Moffett Field, CA(United States)}
}

@book{leishman2006principles,
  title={Principles of helicopter aerodynamics with CD extra},
  author={Leishman, Gordon J},
  year={2006},
  publisher={Cambridge: Cambridge University Press}
}

@book{larsen20072,
  title={How 2 HAWC2, the user's manual},
  author={Larsen, Torben J and Hansen, Anders Melchior},
  year={2007},
  publisher={Ris{\o} National Laboratory, Copenhagen, Denmark}
}

@techreport{lindenburg2005phatas,
  title={PHATAS release "NOV-2003" and "APR-2005" user's manual},
  author={Lindenburg, C},
  year={2005},
  institution={ECN, Petten, Netherlands}
}



@book{mccormick1994aerodynamics,
  title={Aerodynamics, Aeronautics, and Flight Mechanics},
  author={McCormick, Barnes W},
  year={1994},
  publisher={Hoboken: John Wiley \& Sons}
}



@inproceedings{grandis2017particle,
  title={Particle swarm optimization (PSO) for magnetotelluric (MT) 1D inversion modeling},
  author={Grandis, Hendra and Maulana, Yahya},
  booktitle={Southeast Asian Conference on Geophysics},
  pages={012033},
  year={2017},
  organization={Bangkok}
}

@article{gad2022particle,
  title={Particle swarm optimization algorithm and its applications: A systematic review},
  author={Gad, Ahmed G},
  journal={Archives of Computational Methods in Engineering},
  volume={29},
  number={5},
  pages={2531--2561},
  year={2022},
  publisher={Springer}
}

@phdthesis{tjavaras1996dynamics,
	author       = {Tjavaras, Athanassios Andreas},
	title        = {The dynamics of highly extensible cables},
	school       = {Massachusetts Institute of Technology},
	year         = {1996},
	address      = {Cambridge}, 
	type         = {Dissertation}
}


@misc{irena_wind_energy,
	title = {Wind Energy},
	author = {{International Renewable Energy Agency}},
	year = {n.d.},
	url = {https://www.irena.org/Energy-Transition/Technology/Wind-energy},
	note = {Accessed: 2025-02-13}
}

@phdthesis{beller2011urban,
	author       = {Beller, Christina},
	title        = {Urban wind energy},
	school       = {Technical University of Denmark},
	year         = {2011},
	address      = {Copenhagen}, 
	type         = {Dissertation} 
}


@article{hansen2016aerodynamically,
	title={Aerodynamically shaped vortex generators},
	author={Hansen, Martin Otto Laver and Velte, Clara Marika and {\O}ye, Stig and Hansen, R and S{\o}rensen, Niels N and Madsen, J and Mikkelsen, R},
	journal={Wind Energy},
	volume={19},
	number={3},
	pages={563--567},
	year={2016},
	publisher={Wiley Online Library}
}

@article{belloli2020hybrid,
	title={A hybrid methodology for wind tunnel testing of floating offshore wind turbines},
	author={Belloli, M and Bayati, I and Facchinetti, A and Fontanella, A and Giberti, H and La Mura, F and Taruffi, F and Zasso, A},
	journal={Ocean Engineering},
	volume={210},
	number={9},
	pages={107592},
	year={2020},
	publisher={Elsevier}
}

@article{fontanella2023controller,
	title={Controller design for model-scale rotors and validation using prescribed motion},
	author={Fontanella, Alessandro and Daka, Elio and Novais, Felipe and Belloli, Marco},
	journal={Wind Energy Science},
	volume={8},
	number={9},
	pages={1351--1368},
	year={2023},
	publisher={Copernicus Publications G{\"o}ttingen, Germany}
}

@techreport{helder2013umaine,
	title={UMaine--DeepCwind/OC4 semi floating wind turbine repeat tests},
	author={Helder, JA and Pietersma, Mario},
	year={2013},
	institution={University of Maine}
}


@inproceedings{Fadaei2023Numerical,
	title={Numerical flutter analysis of a horizontal axis wind turbine blade with rotational tower base},
	author={Fadaei, Saeid and Afagh, Fred F and Langlois, Robert G and Mazidi, Abbas},
	booktitle={Canadian Society for Mechanical Engineering International Congress},
	year={2023},
	organization={Charlottetown}
}

@article{gong2024modeling,
	title={Modeling and vortex-induced vibrations of semi-submersible floating offshore wind turbines},
	author={Gong, De Huang and Zhou, Jing Wei and Liu, Xiao Feng and Li, Feng Ming},
	journal={Mechanical Systems and Signal Processing},
	volume={220},
	pages={111667},
	year={2024},
	publisher={Elsevier}
}

@article{ahsan2022modal,
	title={Modal dynamics and flutter analysis of floating offshore vertical axis wind turbines},
	author={Ahsan, Faraz and Griffith, D Todd and Gao, Ju},
	journal={Renewable Energy},
	volume={185},
	pages={1284--1300},
	year={2022},
	publisher={Elsevier}
}

@inproceedings{naeini2020flutter,
	title={Flutter stability analysis of parked floating wind turbine blades},
	author={Naeini, Saeid Fadaei and Mazidi, Abbas and Afagh, Fred F and Langlois, Robert G},
	booktitle={Canadian Society for Mechanical Engineering International Congress},
	year={2020},
	organization={Charlottetown}
}

@inproceedings{fontanella20196,
	title={A 6-DOFs hardware-in-the-loop system for wind tunnel tests of floating offshore wind turbines},
	author={Fontanella, Alessandro and Bayati, Ilmas and Taruffi, Federico and La Mura, Francesco and Facchinetti, Alan and Belloli, Marco},
	booktitle={International Conference on Offshore Mechanics and Arctic Engineering},
	pages={V010T09A055},
	year={2019},
	organization={Glasgow}
}

@article{baldacchino2018experimental,
	title={Experimental parameter study for passive vortex generators on a 30\% thick airfoil},
	author={Baldacchino, Daniel and Ferreira, Carlos and Tavernier, Delphine De and Timmer, WA and Van Bussel, GJW},
	journal={Wind Energy},
	volume={21},
	number={9},
	pages={745--765},
	year={2018},
	publisher={Wiley Online Library}
}

@inproceedings{steinacker2022efficient,
	title={Efficient multibody modeling of offshore wind turbines with flexible substructures},
	author={Steinacker, Heiner and Lemmer, Frank and Raach, Steffen and Schlipf, David and Cheng, Po Wen},
	booktitle={The Science of Making Torque from Wind},
	number={4},
	pages={042007},
	year={2022},
	organization={Delft}
}

@inproceedings{hoeg2018influence,
	title={The influence of different mooring line models on the stochastic dynamic responses of floating wind turbines},
	author={H{\o}eg, Christian and Zhang, Zi Li},
	booktitle={The Science of Making Torque from Wind},
	number={6},
	pages={062016},
	year={2018},
	organization={Milano}
}



@article{jingquanwang2010,
	title={试析海上风机在强台风下叶片受损风险与对策——考察红海湾风电场的启示},
	author={王景全 and 陈政清},
	journal={中国工程科学},
	volume={12},
	number={11},
	pages={32--34},
	year={2010}
}

@techreport{etde_7800388,
	title={Loads for wind turbines in inhomogeneous terrain},
	author={Friis, Pedersen T and  Markkilde, Petersen S and Thomsen, K and Hauge, Madsen P and Hoejstrup, J},
	year={1991},
	institution={Ris{\o} National Laboratory, Copenhagen, Denmark}
}

@book{spera1994wind,
	title={Wind turbine technology: Fundamental concepts of wind turbine engineering},
	author={Spera, David A},
	year={1994},
	publisher={New York: American Society of Mechanical Engineers Press}
}

@article{silva2013unsteady,
	title={Unsteady blade element-momentum method including returning wake effects},
	author={Silva, Cl{\'a}udio Tavares and Donadon, Maur{\'\i}cio Vicente},
	journal={Journal of Aerospace Technology and Management},
	volume={5},
	number={1},
	pages={27--42},
	year={2013},
	publisher={SciELO Brasil}
}

@techreport{lundsager1981dynamic,
	title={The dynamic behaviour of the stall-regulated Nibe A wind turbine. Measurements and a model for stall-induced vibrations},
	author={Lundsager, Per and Petersen, H and Frandsen, S},
	year={1981},
	institution={Ris{\o} National Laboratory, Copenhagen, Denmark}
}

@article{men2024aeroelastic,
	title={Aeroelastic instability analysis of floating offshore and onshore wind turbines under extreme conditions},
	author={Men, Ji Yuan and Ma, Gang and Ma, Qing Wei and Zheng, Xing and Sun, Han Bing},
	journal={Ocean Engineering},
	volume={296},
	pages={117014},
	year={2024},
	publisher={Elsevier}
}

@inproceedings{resor2012aeroelastic,
	title={Aeroelastic instability of very large wind turbine blades},
	author={Resor, Brian R and Owens, Brian C and Griffith, D Todd},
	booktitle={European Wind Energy Conference Annual Event},
	year={2012},
    organization={Copenhagen}
}



@article{tjavaras1998mechanics,
	title={The mechanics of highly-extensible cables},
	author={Tjavaras, A A and Zhu, Q and Liu, Y and Triantafyllou, M S and Yue, D K P},
	journal={Journal of Sound and Vibration},
	volume={213},
	number={4},
	pages={709--737},
	year={1998},
	publisher={Elsevier}
}

@misc{nasa_incline,
	author = {Tom Benson},
	title = {Inclination Effects on Lift},
	year = {n.d.},
	url = {https://www.grc.nasa.gov/www/k-12/VirtualAero/BottleRocket/airplane/incline.html},
	note = {Accessed: 2025-01-10}
}

@article{ferreira2022dynamic,
	title={Dynamic inflow model for a floating horizontal axis wind turbine in surge motion},
	author={Ferreira, Carlos and Yu, Wei and Sala, Arianna and Vir{\'e}, Axelle},
	journal={Wind Energy Science},
	volume={7},
	number={2},
	pages={469--485},
	year={2022},
	publisher={Copernicus Publications G{\"o}ttingen, Germany}
}



@article{gobat2006time,
	title={Time-domain numerical simulation of ocean cable structures},
	author={Gobat, JI and Grosenbaugh, MA},
	journal={Ocean Engineering},
	volume={33},
	number={10},
	pages={1373--1400},
	year={2006},
	publisher={Elsevier}
}


@article{de2018integral,
  title={An integral boundary layer engineering model for vortex generators implemented in XFOIL},
  author={De Tavernier, Delphine and Baldacchino, Daniel and Ferreira, Carlos},
  journal={Wind Energy},
  volume={21},
  number={10},
  pages={906--921},
  year={2018},
  publisher={Wiley Online Library}
}

@inproceedings{robertson2013offshore,
	title={Offshore code comparison collaboration continuation within IEA wind task 30: Phase II results regarding a floating semisubmersible wind system},
	author={Robertson, Amy and Jonkman, Jason and Vorpahl, Fabian and Popko, Wojciech and Qvist, Jacob and Fr{\o}yd, Lars and Chen, Xiaohong and Azcona, Jos{\'e} and Uzunoglu, Emre and Guedes Soares, Carlos and others},
	booktitle={International Conference on Offshore Mechanics and Arctic Engineering},
	pages={V09BT09A012},
	year={2014},
	organization={San Francisco}
}

@inproceedings{stablein2016using,
	title={Using pretwist to reduce power loss of bend-twist coupled blades},
	author={St{\"a}blein, Alexander R and Tibaldi, Carlo and Hansen, Morten H},
	booktitle={34th Wind Energy Symposium},
	pages={1010},
	year={2016},
	organization={San Diego}
}



@article{zhao2022researches,
  title={Researches on vortex generators applied to wind turbines: A review},
  author={Zhao, Zhen Zhou and Jiang, Rui Fang and Feng, Jun Xin and Liu, Hui Wen and Wang, Tong Guang and Shen, Wen Zhong and Chen, Ming and Wang, Ding Ding and Liu, Yi Ge},
  journal={Ocean Engineering},
  volume={253},
  pages={111266},
  year={2022},
  publisher={Elsevier}
}

@inproceedings{xue2010advanced,
  title={Advanced aerodynamic modeling of vortex generators for wind turbine applications},
  author={Xue, Sidney and Johnson, Bradley and Chao, David and Sareen, Ashish and Westergaard, Carsten},
  booktitle={European Wind Energy Conference (EWEC)},
  year={2010},
  organization={Warsaw}
}




@mastersthesis{garry2017investigation,
	author       = {Garry Yuan Kwan},
	title        = {Investigation of idling instabilities in wind turbine simulations},
	school       = {Delft University of Technology},
	year         = {2017},
	address      = {Delft}, 
	type         = {Master's Thesis}
}

@inproceedings{pitt1980theoretical,
	title={Theoretical prediction of dynamic-inflow derivatives},
	author={Pitt, Dale M and Peters, David A},
	booktitle={The Science of Making Torque from Wind},
	pages={No.47},
	year={1980},
	organization={Bristol}
}

@inproceedings{oye1986unsteady,
	title={Unsteady wake effects caused by pitch--angle changes},
	author={{\O}ye, S},
	booktitle={IEA R\&D WECS Joint Action on Aerodynamics of Wind Turbines, 1st Symposium},
	pages={58--79},
	year={1986},
	organization={Stockholm}
}

@inproceedings{oye1990simple,
	title={A simple vortex model of a turbine rotor},
	author={{\O}ye, S},
	booktitle={Third IEA Symposium on Aerodynamics of Wind Turbines},
	pages={4.1--4.15},
	year={1990},
	organization={Harwell}
}

@article{oye1990simple,
	title={A simple vortex model of a turbine rotor},
	author={{\O}ye, S},
	year={1990}
}


@inproceedings{Bayati_2018,
	title={UNAFLOW project: UNsteady Aerodynamics of FLOating Wind turbines},
	author={Bayati, I. and Belloli, M. and Bernini, L. and Boldrin, D.M. and Boorsma, K. and Caboni, M. and Cormier, M. and Mikkelsen, R. and Lutz, T. and Zasso, A.},
	booktitle={The Science of Making Torque from Wind},
	number={1},
	pages={072037},
	year={2018},
	organization={Milano}
}


@article{johlas2021floating,
	title={Floating platform effects on power generation in spar and semisubmersible wind turbines},
	author={Johlas, Hannah M and Mart{\'\i}nez-Tossas, Luis A and Churchfield, Matthew J and Lackner, Matthew A and Schmidt, David P},
	journal={Wind Energy},
	volume={24},
	number={8},
	pages={901--916},
	year={2021},
	publisher={Wiley Online Library}
}


@article{huang2019investigation,
	title={Investigation of interference effects between wind turbine and spar-type floating platform under combined wind-wave excitation},
	author={Huang, Yang and Wan, Decheng},
	journal={Sustainability},
	volume={12},
	number={1},
	pages={246},
	year={2019},
	publisher={MDPI}
}

@inproceedings{de2024influence,
	title={Influence of platform motion on the energy production of a floating wind farm},
	author={De Pascali, M and Fontanella, A and Muggiasca, S and Belloli, M},
	booktitle={The Science of Making Torque from Wind},
	pages={092046},
	year={2024},
	organization={Florence}
}

@article{fleming2015simulation,
	title={Simulation comparison of wake mitigation control strategies for a two-turbine case},
	author={Fleming, Paul and Gebraad, Pieter MO and Lee, Sang and van Wingerden, Jan-Willem and Johnson, Kathryn and Churchfield, Matt and Michalakes, John and Spalart, Philippe and Moriarty, Patrick},
	journal={Wind Energy},
	volume={18},
	number={12},
	pages={2135--2143},
	year={2015},
	publisher={Wiley Online Library}
}

@article{mancini2020characterization,
	title={Characterization of the unsteady aerodynamic response of a floating offshore wind turbine},
	author={Mancini, Simone and Boorsma, Koen and Caboni, Marco and Cormier, Marion and Lutz, Thorsten and Schito, Paolo and Zasso, Alberto},
	journal={Wind Energy Science Discussions},
	volume={2020},
	pages={1--26},
	year={2020},
	publisher={G{\"o}ttingen, Germany}
}

@article{chen2021numerical,
	title={Numerical analysis of unsteady aerodynamic performance of floating offshore wind turbine under platform surge and pitch motions},
	author={Chen, Ziwen and Wang, Xiaodong and Guo, Yize and Kang, Shun},
	journal={Renewable Energy},
	volume={163},
	pages={1849--1870},
	year={2021},
	publisher={Elsevier}
}

@article{pustina2020control,
	title={Control of power generated by a floating offshore wind turbine perturbed by sea waves},
	author={Pustina, L and Lugni, C and Bernardini, G and Serafini, J and Gennaretti, M},
	journal={Renewable and Sustainable Energy Reviews},
	volume={132},
	pages={109984},
	year={2020},
	publisher={Elsevier}
}

@article{lackner2010performance,
	title={The performance of wind turbine smart rotor control approaches during extreme loads},
	author={Lackner, Matthew A and Kuik, Gijs A M},
	year={2010},
	volume={132},
	number={6},
	pages={011008},
	journal={Journal of Solar Energy Engineering},
}


@article{vire2019two,
	title={Two-dimensional numerical simulations of vortex-induced vibrations for wind turbine towers},
	author={Vir{\'e}, Axelle and Derksen, Adriaan and Folkersma, Mikko and Sarwar, Kumayl},
	journal={Wind Energy Science Discussions},
	volume={2019},
	pages={1--19},
	year={2019},
	publisher={G{\"o}ttingen, Germany}
}

@article{chen2023stall,
	title={Nonlinear vortex-induced vibration of wind turbine towers: Theory and experimental validation},
	author={Chen, Chuan and Zhou, Jing Wei and Li, Feng Ming and Gong, De Huang},
	journal={Mechanical Systems and Signal Processing},
	volume={204},
	pages={110772},
	year={2023},
	publisher={Elsevier}
}

@article{horcas2020vortex,
	title={Vortex induced vibrations of wind turbine blades: Influence of the tip geometry},
	author={Horcas, SG and Barlas, T and Zahle, F and S{\o}rensen, NN},
	journal={Physics of Fluids},
	volume={32},
	number={6},
	year={2020},
	publisher={AIP Publishing}
}

@article{heinz2016vortex,
	title={Vortex-induced vibrations on a modern wind turbine blade},
	author={Heinz, Joachim C and S{\o}rensen, Niels N and Zahle, Frederik and Skrzypi{\'n}ski, Witold},
	journal={Wind Energy},
	volume={19},
	number={11},
	pages={2041--2051},
	year={2016},
	publisher={Wiley Online Library}
}

@article{skrzypinski2014vortex,
	title={Vortex-induced vibrations of a DU96-W-180 airfoil at 90° angle of attack},
	author={Skrzypi{\'n}ski, Witold and Gaunaa, Mac and S{\o}rensen, Niels and Zahle, Frederik and Heinz, Joachim},
	journal={Wind Energy},
	volume={17},
	number={10},
	pages={1495--1514},
	year={2014},
	publisher={Wiley Online Library}
}

@book{zqchen2005bridge,
	title={桥梁风工程},
	author={陈政清},
	year={2005},
	publisher={北京：人民交通出版社}
}

@inproceedings{resor2012aeroelastic,
	title={Aeroelastic instability of very large wind turbine blades},
	author={Resor, Brian R and Owens, Brian C and Griffith, D Todd},
	booktitle={European Wind Energy Conference Annual Event, Copenhagen, Denmark},
	year={2012}
}

@article{HANSEN2006285,
	title = {State of the art in wind turbine aerodynamics and aeroelasticity},
	journal = {Progress in Aerospace Sciences},
	volume = {42},
	number = {4},
	pages = {285-330},
	year = {2006},
	issn = {0376-0421},
	doi = {https://doi.org/10.1016/j.paerosci.2006.10.002},
	url = {https://www.sciencedirect.com/science/article/pii/S0376042106000649},
	author = {M.O.L. Hansen and J.N. Sørensen and S. Voutsinas and N. Sørensen and H.Aa. Madsen},
	keywords = {Aeroelasticity, Wind turbines}
}

@article{pirrung2024vortex,
	title={Vortex-induced vibrations of wind turbines: From single blade to full rotor simulations},
	author={Pirrung, Georg Raimund and Grinderslev, Christian and S{\o}rensen, Niels N{\o}rmark and Riva, Riccardo},
	journal={Renewable Energy},
	volume={226},
	pages={120381},
	year={2024},
	publisher={Elsevier}
}

@article{zou2015analysis,
	title={Analysis of vortex-induced and stall-induced vibrations at standstill conditions using a free wake aerodynamic code},
	author={Zou, F and Riziotis, VA and Voutsinas, SG and Wang, J},
	journal={Wind Energy},
	volume={18},
	number={12},
	pages={2145--2169},
	year={2015},
	publisher={Wiley Online Library}
}

@inproceedings{arnold2024semi,
	title={A semi-empirical model for time-domain tower vortex induced vibration load simulations of wind turbines},
	author={Arnold, M and Filopoulos, S and White, W and Kamruzzaman, M},
	booktitle={The Science of Making Torque from Wind},
	number={2},
	pages={022032},
	year={2024},
	organization={Florence}
}

@article{KITAGAWA1997731,
	title = {An experimental study on vortex-induced vibration of a circular cylinder tower at a high wind speed},
	journal = {Journal of Wind Engineering and Industrial Aerodynamics},
	volume = {69-71},
	pages = {731-744},
	year = {1997},
	issn = {0167-6105},
	author = {Tetsuya Kitagawa and Toshihiro Wakahara and Yozo Fujino and Kichiro Kimura}
}

@inproceedings{ebstrup2024numerical,
	title={Numerical investigation of vortex-induced forces on a wind turbine tower segment at very high Reynolds numbers},
	author={Ebstrup, K and S{\o}rensen, N N and Bertagnolio, F and Grinderslev, C and Horcas, S G},
	booktitle={The Science of Making Torque from Wind},
	number={2},
	pages={022048},
	year={2024},
	organization={Florence}
}

@article{pirrung2024vortex,
	title={Vortex-induced vibrations of wind turbines: From single blade to full rotor simulations},
	author={Pirrung, Georg Raimund and Grinderslev, Christian and S{\o}rensen, Niels N{\o}rmark and Riva, Riccardo},
	journal={Renewable Energy},
	volume={226},
	pages={120381},
	year={2024},
	publisher={Elsevier}
}
@inproceedings{manolas2022assessment,
	title={Assessment of vortex induced vibrations on wind turbines},
	author={Manolas, Dimitris I and Chaviaropoulos, Panagiotis K and Riziotis, Vasilis A},
	booktitle={WindEurope Annual Event},
	number={1},
	pages={012011},
	year={2022},
	organization={Bilbao}
}

@inproceedings{larsen2013way,
	title={On the way to reliable aeroelastic load simulation on VAWT's},
	author={Larsen, Torben J and Madsen, Helge Aagaard},
	booktitle={European Wind Energy Conference \& Exhibition},
	year={2013},
	organization={Vienna}
}


@inproceedings{markou2007aeroelastic,
  title={Aeroelastic stability and control of large wind turbines-main results},
  author={Markou, Helen and Hansen, Morten Hartvig and Buhl, Thomas and van Engelen, T and Politis, ES and Riziotis, V and Poulsen, NK and Larsen, AJ and Mogensen, TS and Holierhoek, JG},
  booktitle={European Wind Energy Conference and Exhibition},
  year={2007},
  organization={Milan}
}

@article{wang2017aeroelastic,
  title={Aeroelastic stability of idling wind turbines},
  author={Wang, Kai and Riziotis, Vasilis A and Voutsinas, Spyros G},
  journal={Wind Energy Science},
  volume={2},
  number={2},
  pages={415--437},
  year={2017},
  publisher={Copernicus GmbH}
}

@techreport{theodorsen1935general,
	title={General theory of aerodynamic instability and the mechanism of flutter},
	author={Theodorsen, Theodore},
	year={1935},
	institution={NACA. Langley Aeronautical Laboratory Langley Field, VA(United States)}
}

@article{lobitz2004aeroelastic,
  title={Aeroelastic stability predictions for a MW-sized blade},
  author={Lobitz, Don W},
  journal={Wind Energy},
  volume={7},
  number={3},
  pages={211--224},
  year={2004},
  publisher={Wiley Online Library}
}

@techreport{theodorsen1940mechanism,
	title={Mechanism of flutter: A theoretical and experimental investigation of the flutter problem},
	author={Theodorsen, Theodore and Garrick, I E},
	year={1940},
	institution={NACA Langley Field, VA(United States)},
	type={Technical Report}
}

@article{lu2022novel,
	title={A novel forecasting method of flutter critical wind speed for the 15 MW wind turbine blade based on aeroelastic wind tunnel test},
	author={Lu, Man Man and Ke, Shi Tang and Wu, Hong Xin and Gao, Mu En and Tian, Wen Xin and Wang, Hao},
	journal={Journal of Wind Engineering and Industrial Aerodynamics},
	volume={230},
	pages={105195},
	year={2022},
	publisher={Elsevier}
}

@inproceedings{lobitz2005parameter,
	title={Parameter sensitivities affecting the flutter speed of a MW-sized blade},
	author={Lobitz, Don W},
	booktitle={43rd AIAA Aerospace Sciences Meeting and Exhibit},
	number={1},
	year={2005},
	organization={Reno}
}


@inproceedings{hansen2004stability,
	title={Stability analysis of three-bladed turbines using an eigenvalue approach},
	author={Hansen, Morten},
	booktitle={42nd AIAA Aerospace Sciences Meeting and Exhibit},
	year={2004},
	organization={Reno}
}



@inproceedings{Owens2013,
	author    = {Owens, B. C. and Resor, B. and Griffith, D. T. and Hurtado, J.},
	title     = {Impact of modeling approach on flutter predictions for very large wind},
	booktitle = {American Helicopter Society 69th Annual Forum},
	year      = {2013},
	organization={Phoenix}
}

@article{thomsen2000method,
  title={A method for determination of damping for edgewise blade vibrations},
  author={Thomsen, K and Petersen, J Thirstrup and Nim, E and {\O}ye, Stig and Petersen, B},
  journal={Wind Energy},
  volume={3},
  number={4},
  pages={233--246},
  year={2000},
  publisher={Wiley Online Library}
}



@techreport{thirstrup1998prediction,
author={Petersen, J Thirstrup and Madsen, Helge Aagaard and Bj{\"o}rck, Anders and Enevoldsen, Peder and {\O}ye, Stig and Ganander, Hans and Winkelaar, Danny},
title = {Prediction of dynamic loads and induced vibrations in stall},
year = {1998},
institution={Risø National Laboratory},
number      = {1045},
type        = {Technical Report},
place = {Denmark},
month = {May}
}


@techreport{jonkman2009definition,
  title={Definition of a 5-MW reference wind turbine for offshore system development},
  author={Jonkman, Jason and Butterfield, Sandy and Musial, Walter and Scott, George},
  year={2009},
  institution={National Renewable Energy Laboratory(NREL), Golden, CO (United States)},
type={Technical Report}
}

@techreport{jonkman2010definition,
  title={Definition of the Floating System for Phase IV of OC3},
  author={Jonkman, Jason},
  year={2010},
  institution={National Renewable Energy Laboratory(NREL), Golden, CO (United States)},
number = {NREL/TP-500-47535},
type={Technical Report}
}

@article{chen2022stall,
  title={Stall-induced vibrations analysis and mitigation of a wind turbine rotor at idling state: Theory and experiment},
  author={Chen, Chuan and Zhou, Jing Wei and Li, Feng Ming and Zhai, En di},
  journal={Renewable Energy},
  volume={187},
  pages={710--727},
  year={2022},
  publisher={Elsevier}
}

@inproceedings{krishnappa2022aerodynamic,
	title={Aerodynamic devices to reduce/suppress vortex induced vibrations on a wind turbine tower: A review},
	author={Krishnappa, Likith and Sander, Aljoscha and Thoben, Klaus-Dieter},
	booktitle={The Science of Making Torque from Wind},
	pages={032053},
	year={2022},
	organization={Delft}
}

@article{gonzalez2019suppressing,
	title={Suppressing vortex induced vibrations of wind turbine blades with flaps},
	author={Gonz{\'a}lez Horcas, Sergio and Madsen, Mads Holst Aagaard and S{\o}rensen, Niels N{\o}rmark and Zahle, Frederik},
	journal={Recent Advances in CFD for Wind and Tidal Offshore Turbines},
	pages={11--24},
	year={2019},
	publisher={Springer}
}

@article{martin2023design,
	title={Design of a passive flow control solution for the mitigation of vortex induced vibrations on wind turbines blade sections as a response to extreme weather events},
	author={Mart{\'\i}n-Alc{\'a}ntara, Antonio and Motta, Valentina and Tarantino, Andrea and De Giorgi, Maria Grazia},
	journal={Sustainable Energy Technologies and Assessments},
	volume={56},
	pages={103053},
	year={2023},
	publisher={Elsevier}
}



@article{hansen2004aeroelastic,
  title={Aeroelastic stability analysis of wind turbines using an eigenvalue approach},
  author={Hansen, MH},
  journal={Wind Energy},
  volume={7},
  number={2},
  pages={133--143},
  year={2004},
  publisher={Wiley Online Library}
}

@article{hansen2003improved,
  title={Improved modal dynamics of wind turbines to avoid stall-induced vibrations},
  author={Hansen, Morten H},
  journal={Wind Energy},
  volume={6},
  number={2},
  pages={179--195},
  year={2003},
  publisher={Wiley Online Library}
}

@article{chaviaropoulos2001flap,
  title={Flap/lead--lag aeroelastic stability of wind turbine blades},
  author={Chaviaropoulos, PK},
  journal={Wind Energy},
  volume={4},
  number={4},
  pages={183--200},
  year={2001},
  publisher={Wiley Online Library}
}

@techreport{moriarty2005aerodyn,
	title={AeroDyn theory manual},
	author={Moriarty, Patrick J and Hansen, A Craig},
	year={2005},
	institution={National Renewable Energy Laboratory, Golden, CO (US)}
}

@book{hansen2015aerodynamics,
  title={Aerodynamics of wind turbines},
  author={Hansen, Martin},
  year={2015},
  publisher={Routledge}
}


@inproceedings{jonkman2016fast,
  title={FAST modularization framework for wind turbine simulation: full-system linearization},
  author={Jonkman, Jason M and Jonkman, Bonnie J},
  booktitle={The Science of Making Torque from Wind},
series={Journal of Physics: Conference Series},
  volume={753},
  number={8},
  pages={082010},
  year={2016},
  organization={IOP Publishing}
}

@article{wang2017aeroelastic,
  title={Aeroelastic stability of idling wind turbines},
  author={Wang, Kai and Riziotis, Vasilis A and Voutsinas, Spyros G},
  journal={Wind Energy Science},
  volume={2},
  number={2},
  pages={415--437},
  year={2017},
  publisher={Copernicus GmbH}
}

@inproceedings{bir2008multi,
  title={Multi-blade coordinate transformation and its application to wind turbine analysis},
  author={Bir, Gunjit},
  booktitle={46th AIAA Aerospace Sciences Meeting and Exhibit},
  pages={1300},
  year={2008}
}


@techreport{coleman1957theory,
  title={Theory of self-excited mechanical oscillations of helicopter rotors with hinged blades},
  author={Coleman, Robert P and Feingold, Arnold M},
type={Technical Report},
institution={National Aeronautics and Space Administration},
  year={1957}
}

@article{hansen2007aeroelastic,
  title={Aeroelastic instability problems for wind turbines},
  author={Hansen, Morten H},
  journal={Wind Energy},
  volume={10},
  number={6},
  pages={551--577},
  year={2007},
  publisher={Wiley Online Library}
}

@article{chaviaropoulos2006enhancing,
  title={Enhancing the damping of wind turbine rotor blades, the DAMPBLADE project},
  author={Chaviaropoulos, PK and Politis, ES and Lekou, DJ and S{\o}rensen, Niels N and Hansen, MH and Bulder, BH and Winkelaar, D and Lindenburg, C and Saravanos, DA and Philippidis, TP and others},
  journal={Wind Energy},
  volume={9},
  number={1-2},
  pages={163--177},
  year={2006},
  publisher={Wiley Online Library}
}



@article{chen2017identification,
  title={Identification of aerodynamic damping in wind turbines using time-frequency analysis},
  author={Chen, Bei and Zhang, Zili and Hua, Xugang and Basu, Biswajit and Nielsen, S{\o}ren RK},
  journal={Mechanical Systems and Signal Processing},
  volume={91},
  pages={198--214},
  year={2017},
  publisher={Elsevier}
}

@article{chen2020modelling,
  title={Modelling wind turbine tower-rotor interaction through an aerodynamic damping matrix},
  author={Chen, Chao and Duffour, Philippe and Fromme, Paul},
  journal={Journal of Sound and Vibration},
  volume={489},
  pages={115667},
  year={2020},
  publisher={Elsevier}
}


@techreport{heinz2016aerodynamics,
	title={Aerodynamics of large rotors. WP4. Deliverable 4.5},
	author={Heinz, J C and S{\o}rensen, N N and Riziotis, V and Schwarz, M and Gomez-Iradi, S and Stettner, M},
	year={2016},
	institution={ECN Wind Energy, Petten, Netherlands},
	type={Technical Report}
}



@inproceedings{stettner2016stall,
  author    = {Stettner, M and Reijerkerk, M J and L{\"u}nenschlo{\ss}, A and Riziotis, V and Croce, Alessandro and Sartori, Luca and Riva, Riccardo and Peeringa, J M},
  title     = {Stall-induced vibrations of the AVATAR rotor blade},
  booktitle = { The Science of Making Torque from Wind},
  year      = {2016},      
  number    = {4},          
  pages     = {042019},     
  organization={München} 
}

@article{jiang2024modification,
	title={Modification method and impact analysis of aerodynamic loads for fixed wind-wave hybrid devices},
	author={Jiang, Chun Yu and Cao, Fei Fei and Cui, Jing and Shi, Hong Da},
	journal={Ocean Engineering},
	volume={293},
	pages={116594},
	year={2024},
	publisher={Elsevier}
}



@inproceedings{santhanam2022surrogate,
  author    = {Santhanam, Chandramouli and Riva, Riccardo and Knudsen, Torben},
  title     = {Surrogate models for predicting stall-induced vibrations on wind turbine blades},
  booktitle = {The Science of Making Torque from Wind},
  year      = {2022},      
  number    = {3},                 
  pages     = {032005},     
  organization={Delft}    
}

@article{tran2018cfd,
	title={A CFD study of coupled aerodynamic-hydrodynamic loads on a semisubmersible floating offshore wind turbine},
	author={Tran, Thanh Toan and Kim, Dong-Hyun},
	journal={Wind Energy},
	volume={21},
	number={1},
	pages={70--85},
	year={2018},
	publisher={Wiley Online Library}
}

@article{johanning2001hydrodynamic,
	title={Hydrodynamic damping of a large scale surface piercing circular cylinder in planar oscillatory motion},
	author={Johanning, L and Bearman, PW and Graham, JMR},
	journal={Journal of Fluids and Structures},
	volume={15},
	number={7},
	pages={891--908},
	year={2001},
	publisher={Elsevier}
}

@article{ZHENG20041063,
	title = {On the radiation and diffraction of water waves by a rectangular buoy},
	journal = {Ocean Engineering},
	volume = {31},
	number = {8},
	pages = {1063-1082},
	year = {2004},
	issn = {0029-8018},
	doi = {https://doi.org/10.1016/j.oceaneng.2003.10.012},
	url = {https://www.sciencedirect.com/science/article/pii/S0029801804000095},
	author = {Y H. Zheng and Y G. You and Y M. Shen}
}

@book{sarpkaya2010wave,
	title={Wave forces on offshore structures},
	author={Sarpkaya, Turgut},
	year={2010},
	publisher={Cambridge: Cambridge University Press}
}


@phdthesis{schepers2012engineering,
	author       = {Schepers, Jan Gerhard},
	title        = {Engineering models in wind energy aerodynamics},
	school       = {Delft University of Technology},
	year         = {2012},
	address      = {Delft}, 
	type         = {Dissertation}
}


@phdthesis{jonkman2007dynamics,
	author       = {Jonkman, J M},
	title        = {Dynamics modeling and loads analysis of an offshore floating wind turbine},
	school       = {University of Colorado},
	year         = {2007},
	address      = {Boulder}, 
	type         = {Dissertation}
}

@article{ericsson1973stall,
	title={Stall-flutter analysis},
	author={Ericsson, Lars E and Reding, J Peter},
	journal={Journal of Aircraft},
	volume={10},
	number={1},
	pages={5--13},
	year={1972}
}

@article{huang2022output,
	title={Output power and wake flow characteristics of a wind turbine with swept blades},
	author={Huang, Xiaoxi and Yang, Junwei and Gao, Zhiying and Sha, Chenglong and Yang, Hua},
	journal={Machines},
	volume={10},
	number={10},
	pages={876},
	year={2022},
	publisher={MDPI}
}

@techreport{crimi1973analysis,
	title={Analysis of stall flutter of a helicopter radar blade},
	author={Crimi, P},
	year={1973},
	institution={NASA Langley Research Center, Hampton, VA (United States)}
}


@inproceedings{meng2024reduced,
	title={Reduced-order modelling of floating offshore wind turbine: Aero-hydro-elastic stability analysis},
	author={Meng, Fan Zhong and Lio, Alan WH and Riva, Riccardo},
	booktitle={The Science of Making Torque from Wind},
	number={6},
	pages={062012},
	year={2024},
	organization={Florence}
}

@article{mallik2020aerodynamic,
	title={Aerodynamic damping investigations of light dynamic stall on a pitching airfoil via modal analysis},
	author={Mallik, Wrik and Raveh, Daniella E},
	journal={Journal of Fluids and Structures},
	volume={98},
	pages={103111},
	year={2020},
	publisher={Elsevier}
}

@book{hau2006wind,
	title={Wind turbines: Fundamentals, Technologies, Application, Economics},
	author={Hau, Erich and Renouard, Horst},
	year={2006},
	publisher={Springer}
}

@inproceedings{trigaux2024impact,
	title={Impact of rotor size on the aeroelastic behavior of large turbines: A LES study using flexible actuator lines},
	author={Trigaux, Fran{\c{c}}ois and Chatelain, Philippe and Winckelmans, Gr{\'e}goire},
	booktitle={The Science of Making Torque from Wind},
	number={2},
	pages={022062},
	year={2024},
	organization={Florence}
}

@techreport{linscott1981mod,
	title={Mod-2 wind turbine development project},
	author={Linscott, Bradford S and Dennett, Joann T and Gordon, Larry H},
	year={1981},
	institution={NASA Lewis Research Center, Cleveland, OH (United States)}
}

@article{Tibaldi2016An,
	author = {Tibaldi, C. and Kim, T. and Larsen, T. J. and Rasmussen, F. and Rocca Serra, R. de and Sanz, F.},
	title = {An investigation on wind turbine resonant vibrations},
	journal = {Wind Energy},
	volume = {19},
	number = {5},
	pages = {847-859},
	keywords = {wind turbine, resonance, aeroelastic damping, edgewise vibrations, structural pitch},
	doi = {https://doi.org/10.1002/we.1869},
	url = {https://onlinelibrary.wiley.com/doi/abs/10.1002/we.1869},
	eprint = {https://onlinelibrary.wiley.com/doi/pdf/10.1002/we.1869},
	year = {2016}
}

@article{sarkar2020vibration,
	title={Vibration control of spar-type floating offshore wind turbine towers using a tuned mass-damper-inerter},
	author={Sarkar, Saptarshi and Fitzgerald, Breiffni},
	journal={Structural Control and Health Monitoring},
	volume={27},
	number={1},
	pages={e2471},
	year={2020},
	publisher={Wiley Online Library}
}

@article{zhang2016performance,
	title={Performance evaluation of full-scale tuned liquid dampers (TLDs) for vibration control of large wind turbines using real-time hybrid testing},
	author={Zhang, Zi Li and Staino, Andrea and Basu, Biswajit and Nielsen, S{\o}ren R K},
	journal={Engineering Structures},
	volume={126},
	pages={417--431},
	year={2016},
	publisher={Elsevier}
}

@article{altay2014vibration,
	title={Vibration mitigation of wind turbine towers with tuned mass dampers},
	author={Altay, Okyay and Taddei, Francesca and Butenweg, Christoph and Klinkel, Sven},
	journal={Wind Turbine Control and Monitoring},
	pages={337--373},
	year={2014},
	publisher={Springer}
}

@article{stewart2014impact,
	title={The impact of passive tuned mass dampers and wind--wave misalignment on offshore wind turbine loads},
	author={Stewart, Gordon M and Lackner, Matthew A},
	journal={Engineering Structures},
	volume={73},
	pages={54--61},
	year={2014},
	publisher={Elsevier}
}

@inproceedings{kelley2020investigation,
	title={Investigation of flutter for large, highly flexible wind turbine blades},
	author={Kelley, Christopher Lee and Paquette, Joshua},
	booktitle={The Science of Making Torque from Wind},
	number={5},
	pages={052078},
	year={2020},
	organization={Delft}
}

@book{manwell2010wind,
	title={Wind energy explained: Theory, Design and Application},
	author={Manwell, James F and McGowan, Jon G and Rogers, Anthony L},
	year={2010},
	publisher={Hoboken: John Wiley \& Sons}
}

@article{torres20244p,
	title={4P operational harmonic and blade vibration in wind turbines: A real case study of an active yaw system and a concrete tower},
	author={Torres, Antonio and Gil, Javier and Plaza, Aitor and Aginaga, Jokin},
	journal={Renewable Energy},
	volume={227},
	pages={120503},
	year={2024},
	publisher={Elsevier}
}

@article{skrzypinski2015wind,
  title={Wind turbine blade vibration at standstill conditions—the effect of imposing lag on the aerodynamic response of an elastically mounted airfoil},
  author={Skrzypi{\'n}ski, Witold and Gaunaa, Mac},
  journal={Wind Energy},
  volume={18},
  number={3},
  pages={515--527},
  year={2015},
  publisher={Wiley Online Library}
}

@article{santhanam2023study,
  title={A study of stall-induced vibrations using surrogate-based optimization},
  author={Santhanam, Chandramouli and Riva, Riccardo and Knudsen, Torben},
  journal={Renewable Energy},
  volume={214},
  pages={201--215},
  year={2023},
  publisher={Elsevier}
}



@article{jonkman2009dynamics,
  title={Dynamics of offshore floating wind turbines—Model development and verification},
  author={Jonkman, Jason M},
  journal={Wind Energy},
  volume={12},
  number={5},
  pages={459--492},
  year={2009},
  publisher={Wiley Online Library}
}

@article{blusseau2012gyroscopic,
  title={Gyroscopic effects on a large vertical axis wind turbine mounted on a floating structure},
  author={Blusseau, Pierre and Patel, Minoo H},
  journal={Renewable Energy},
  volume={46},
  pages={31--42},
  year={2012},
  publisher={Elsevier}
}

@article{otter2022review,
  title={A review of modelling techniques for floating offshore wind turbines},
  author={Otter, Aldert and Murphy, Jimmy and Pakrashi, Vikram and Robertson, Amy and Desmond, Cian},
  journal={Wind Energy},
  volume={25},
  number={5},
  pages={831--857},
  year={2022},
  publisher={Wiley Online Library}
}


@article{li2019new,
  title={New analytical solutions to water wave radiation by vertical truncated cylinders through multi-term Galerkin method},
  author={Li, Ai Jun and Liu, Yong and Li, Hua Jun},
  journal={Meccanica},
  volume={54},
  pages={429--450},
  year={2019},
  publisher={Springer}
}



@book{barltrop2013dynamics,
	title={Dynamics of fixed marine structures},
	author={Barltrop, Nigel DP and Adams, Adrian J},
	year={2013},
	publisher={Oxford: Butterworth-Heinemann}
}

@techreport{en2005eurocode,
	title={Eurocode 1: Actions on Structures—Part 1--4: General Actions—Wind Actions},
	author={En, B and others},
	year={2005},
	institution={British Standard}
}

@article{shirzadeh2013experimental,
	title={Experimental and computational damping estimation of an offshore wind turbine on a monopile foundation},
	author={Shirzadeh, Rasoul and Devriendt, Christof and Bidakhvidi, M Ahmadi and Guillaume, Patrick},
	journal={Journal of Wind Engineering and Industrial Aerodynamics},
	volume={120},
	pages={96--106},
	year={2013},
	publisher={Elsevier}
}


@article{zhang2020dynamics,
	title={Dynamics and control of spar-type floating offshore wind turbines with tuned liquid column dampers},
	author={Zhang, Zi Li and H{\o}eg, Christian},
	journal={Structural Control and Health Monitoring},
	volume={27},
	number={6},
	pages={e2532},
	year={2020},
	publisher={Wiley Online Library}
}


@article{chen2018coupled,
  title={A coupled finite difference mooring dynamics model for floating offshore wind turbine analysis},
  author={Chen, Lin and Basu, Biswajit and Nielsen, S{\o}ren RK},
  journal={Ocean Engineering},
  volume={162},
  pages={304--315},
  year={2018},
  publisher={Elsevier}
}

@inproceedings{grandis2017particle,
  title={Particle swarm optimization (PSO) for magnetotelluric (MT) 1D inversion modeling},
  author={Grandis, Hendra and Maulana, Yahya},
  booktitle={Southeast Asian Conference on Geophysics},
series={IOP conference series: Earth and Environmental Science},
  volume={62},
  number={1},
  pages={012033},
  year={2017},
  organization={IOP Publishing}
}

@article{gad2022particle,
  title={Particle swarm optimization algorithm and its applications: a systematic review},
  author={Gad, Ahmed G},
  journal={Archives of computational methods in engineering},
  volume={29},
  number={5},
  pages={2531--2561},
  year={2022},
  publisher={Springer}
}


@article{de2018integral,
  title={An integral boundary layer engineering model for vortex generators implemented in XFOIL},
  author={De Tavernier, Delphine and Baldacchino, Daniel and Ferreira, Carlos},
  journal={Wind Energy},
  volume={21},
  number={10},
  pages={906--921},
  year={2018},
  publisher={Wiley Online Library}
}

@techreport{gaertner2020definition,
  title={Definition of the IEA 15-Megawatt offshore reference wind},
  author={Gaertner, Evan},
  year={2020},
  institution={National Renewable Energy Laboratory(NREL), Golden, CO (United States)},
  type={Technical Report}
}

@article{zhao2022researches,
  title={Researches on vortex generators applied to wind turbines: A review},
  author={Zhao, Zhenzhou and Jiang, Ruifang and Feng, Junxin and Liu, Huiwen and Wang, Tongguang and Shen, Wenzhong and Chen, Ming and Wang, Dingding and Liu, Yige},
  journal={Ocean Engineering},
  volume={253},
  pages={111266},
  year={2022},
  publisher={Elsevier}
}

@inproceedings{xue2010advanced,
  title={Advanced aerodynamic modeling of vortex generators for wind turbine applications},
  author={Xue, Sidney and Johnson, Bradley and Chao, David and Sareen, Ashish and Westergaard, Carsten},
  booktitle={European Wind Energy Conference (EWEC), Warsaw Poland},
  year={2010}
}




@inproceedings{politis2009stability,
  title={Stability analysis of parked wind turbine blades},
  author={Politis, E S and Chaviaropoulos, P K and Riziotis, V A and Voutsinas, S G and Romero-Sanz, Ignacio},
  booktitle={The Science of Making Torque from Wind},
  pages={16--19},
  year={2009},
  organization={Marseille}
}

@article{garry2017investigation,
  title={Investigation of idling instabilities in wind turbine simulations},
  author={Garry Yuan Kwan, Garry},
  year={2017}
}

@article{guanqun2023anexp,
	title={An experimental study of the unsteady aerodynamics of a DU91-W2-150 airfoil at large angles of attack},
	author={Xu, Guan Qun and Yu, Wei and Sciacchitano, Andrea and Ferreira, Carlos and Energy, Wind},
	journal={Wind Energy},
	volume = {28},
	number = {3},
	pages = {e2974},
	year={2025}
}



@inproceedings{viterna1982fixed,
  title={Fixed pitch rotor performance of large horizontal axis wind turbines},
  author={Viterna, Larry A and Corrigan, Robert D},
  booktitle={NASA Conference: Large Horizontal-Axis Wind Turbines},
  year={1982},
  organization={Cleveland}
}

@article{stablein2017fundamental,
  title={Fundamental aeroelastic properties of a bend--twist coupled blade section},
  author={St{\"a}blein, Alexander R. and Hansen, Morten H. and Pirrung, Georg},
  journal={Journal of Fluids and Structures},
  volume={68},
  pages={72--89},
  year={2017},
  publisher={Elsevier}
}


@techreport{matha2010model,
  title={Model development and loads analysis of an offshore wind turbine on a tension leg platform with a comparison to other floating turbine concepts},
  author={Matha, Denis},
  year={2010},
  institution={National Renewable Energy Laboratory(NREL), Golden, CO (United States)}
}



@inproceedings{snel1997heuristic,
  title={Heuristic modelling of dynamic stall characteristics},
  author={Snel, H},
  booktitle={EWEC-Conference. Bookshop for Scientific Publications},
  pages={429--433},
  year={1997},
  organization={Dublin}
}

@techreport{tran1980semi,
	title={Semi-empirical model for the dynamic stall of airfoils in view of the application to the calculation of responses of a helicopter blade in forward flight},
	author={Tran, CT and Petot, D},
	year={1980},
	institution={Office National d'Études et de Recherches Aérospatiales(ONERA), Palaiseau, Frence},
	type={Technical Report}
}

@article{tran1980semi,
  title={Semi-empirical model for the dynamic stall of airfoils in view of the application to the calculation of responses of a helicopter blade in forward flight},
  author={Tran, CT and Petot, D},
  year={1980}
}

@article{tarzanin1972prediction,
  title={Prediction of control loads due to blade stall},
  author={Tarzanin, FJ},
  journal={Journal of the American Helicopter Society},
  volume={17},
  number={2},
  pages={33--46},
  year={1972},
  publisher={Vertical Flight Society}
}

@book{fung2008introduction,
  title={An introduction to the theory of aeroelasticity},
  author={Fung, Yuan Cheng},
  year={2008},
  publisher={New York: Courier Dover Publications}
}

@mastersthesis{khan2018dynamic,
	author       = {Khan, Muhammad Arsalan},
	title        = {Dynamic stall modeling for wind turbines},
	school       = {Delft University of Technology},
	year         = {2018},
	address      = {Delft}, 
	type         = {Master's Thesis}
}

@article{pereira2010validating,
  title={Validating the Beddoes-Leishman dynamic stall model in the horizontal axis wind turbine environment},
  author={Pereira, R},
  journal={Master's Thesis},
  year={2010}
}


@article{larsen2007dynamic,
  title={Dynamic stall model for wind turbine airfoils},
  author={Larsen, Jesper Winther and Nielsen, S{\o}ren RK and Krenk, Steen},
  journal={Journal of Fluids and Structures},
  volume={23},
  number={7},
  pages={959--982},
  year={2007},
  publisher={Elsevier}
}

@article{elgammi2016modified,
  title={A modified beddoes--leishman model for unsteady aerodynamic blade load computations on wind turbine blades},
  author={Elgammi, Moutaz and Sant, Tonio},
  journal={Journal of Solar Energy Engineering},
  volume={138},
  number={5},
  pages={051009},
  year={2016},
  publisher={American Society of Mechanical Engineers}
}

@article{pustina2020control,
	title={Control of power generated by a floating offshore wind turbine perturbed by sea waves},
	author={Pustina, L and Lugni, C and Bernardini, G and Serafini, J and Gennaretti, M},
	journal={Renewable and Sustainable Energy Reviews},
	volume={132},
	pages={109984},
	year={2020},
	publisher={Elsevier}
}

@article{bangga2020improved,
  title={An improved second order dynamic stall model for wind turbine airfoils},
  author={Bangga, Galih and Lutz, Thorsten and Arnold, Matthias},
  journal={Wind Energy Science Discussions},
  pages={1--36},
  year={2020},
  publisher={G{\"o}ttingen, Germany}
}

@article{gupta2006dynamic,
  title={Dynamic stall modelling of the S809 aerofoil and comparison with experiments},
  author={Gupta, Sandeep and Leishman, J Gordon},
  journal={Wind Energy},
  volume={9},
  number={6},
  pages={521--547},
  year={2006},
  publisher={Wiley Online Library}
}

@article{stablein2017fundamental,
  title={Fundamental aeroelastic properties of a bend--twist coupled blade section},
  author={St{\"a}blein, Alexander R and Hansen, Morten H and Pirrung, Georg},
  journal={Journal of Fluids and Structures},
  volume={68},
  pages={72--89},
  year={2017},
  publisher={Elsevier}
}


@article{liux2015DS,
	title={风力机翼型动态失速气动特性仿真},
	author={刘雄 and 梁湿 and 陈严等},
	journal={工程力学},
	volume={32},
	number={3},
	pages={203--211},
	year={2015},
	publisher={《 工程力学》 杂志社}
}

@techreport{hansen2004beddoes,
	title={A Beddoes-Leishman type dynamic stall model in state-space and indicial formulations},
	author={Hansen, Morten Hartvig and Gaunaa, Mac and Madsen, Helge Aagaard},
	year={2004},
	institution={Risø National Laboratory, Copenhagen, Denmark},
	type={Technical Report}
}

@article{karbasian2022numerical,
  title={Numerical analysis of wind turbines blade in deep dynamic stall},
  author={Karbasian, Hamid Reza and Esfahani, Javad Abolfazli and Aliyu, Aliyu Musa and Kim, Kyung Chun},
  journal={Renewable Energy},
  volume={197},
  pages={1094--1105},
  year={2022},
  publisher={Elsevier}
}

@article{larsen2007dynamic,
  title={Dynamic stall model for wind turbine airfoils},
  author={Larsen, Jesper Winther and Nielsen, S{\o}ren RK and Krenk, Steen},
  journal={Journal of Fluids and Structures},
  volume={23},
  number={7},
  pages={959--982},
  year={2007},
  publisher={Elsevier}
}

@inproceedings{oye1991dynamic,
  title={Dynamic stall simulated as time lag of separation},
  author={{\O}ye, Stig},
  booktitle={The 4th IEA Symposium on the Aerodynamics of Wind Turbines},
  pages={28},
  year={1991},
  organization={Rome}
}

@article{leishman1989semi,
  title={A semi-empirical model for dynamic stall},
  author={Leishman, J Gordon and Beddoes, TS},
  journal={Journal of the American Helicopter Society},
  volume={34},
  number={3},
  pages={3--17},
  year={1989},
  publisher={Vertical Flight Society}
}


@article{lynette1996investigation,
  title={Investigation of V o Generators for Au of Wind Turbine Performance},
  author={Lynette, R},
  journal={National Renewable Energy Laboratory: Boulder, CO(United States)},
  year={1996}
}

@inproceedings{troldborg2016simulations,
  title={Simulations of wind turbine rotor with vortex generators},
  author={Troldborg, Niels and Zahle, Frederik and S{\o}rensen, Niels N},
  booktitle={The Science of Making Torque from Wind},
  pages={022057},
  year={2016},
  organization={München}
}

@article{moon2023numerical,
  title={Numerical and experimental validation of vortex generator effect on power performance improvement in MW-class wind turbine blade},
  author={Moon, Hyeongi and Jeong, Junhee and Park, Sunho and Ha, Kwangtae and Jeong, Jae-Ho},
  journal={Renewable Energy},
  volume={212},
  pages={443--454},
  year={2023},
  publisher={Elsevier}
}


@phdthesis{baldacchino2019vortex,
  author       = {Daniel Baldacchino},
  title        = {Vortex generators for flow separation control: Wind turbine applications},
  school       = {Delft University of Technology},
  year         = {2019},
  address      = {Delft},
  type         = {Dissertation}
}

@mastersthesis{jonas2024master,
  author       = {Jonas Lohmann},
  title        = {Non-linear stall-induced instability analysis of a parked rotor},
  school       = {Delft University of Technology},
  year         = {2024},
  address      = {Delft}, 
  type         = {Master's Thesis}
}


@article{van1982comparison,
	title={Comparison of treatments of non-linear drag forces acting on fixed offshore platforms},
	author={Van Dao, Bui and Penzien, Joseph},
	journal={Applied Ocean Research},
	volume={4},
	number={2},
	pages={66--72},
	year={1982},
	publisher={Elsevier}
}


@article{chen2018coupled,
	title={A coupled finite difference mooring dynamics model for floating offshore wind turbine analysis},
	author={Chen, Lin and Basu, Biswajit and Nielsen, S{\o}ren RK},
	journal={Ocean Engineering},
	volume={162},
	pages={304--315},
	year={2018},
	publisher={Elsevier}
}

